simon@Rotendahl.24064:1578764536