@misc{BH-algo,
  author  = "{Tom Ventimiglia and Kevin Wayne}",
  note    = "[Online; accessed January 12, 2019]",
  title   = "The Barnes-Hut Algorithm",
  url     = "http://arborjs.org/docs/barnes-hut?fbclid=IwAR3pR3V6RcdUf4H_w58a4Pm_UTsZZsq8pFbGhmlPE7CnELlnBxt9I1zG0O8",
  urldate = {2019-01-12}
}

@misc{wiki:morton,
  author = "{Wikipedia contributors}",
  note   = "[Online; accessed 17-January-2020]"
  title  = "Z-order curve --- {Wikipedia}{,} The Free Encyclopedia",
  url    = "https://en.wikipedia.org/w/index.php?title=Z-order_curve&oldid=931919268",
  year   = "2019",
}

@inproceedings{main-ref,
  address   = "Goslar, DEU",
  author    = "{Karras, Tero}",
  booktitle = "Proceedings of the Fourth ACM SIGGRAPH / Eurographics Conference on High-Performance Graphics",
  isbn      = "9783905674415",
  location  = "Paris, France",
  numpages  = "5",
  pages     = "33–37",
  publisher = "Eurographics Association",
  series    = "EGGH-HPG’12"
  title     = "Maximizing Parallelism in the Construction of BVHs, Octrees, and k-d Trees",
  year      = "2012",
}
