@article{CUB,
    author =       "Duane Merrill and Michael Garland",
    title =        "Single-pass Parallel Prefix Scan with Decoupled Look-back",
    journal =      "NVIDIA Corporation",
    year =         "2016",
    DOI =          "https://research.nvidia.com/publication/single-pass-parallel-prefix-scan-decoupled-look-back",
}

@ARTICLE{kogge-stone,
author={{P. M. Kogge and H. S. Stone}},
journal={IEEE Transactions on Computers},
title={A Parallel Algorithm for the Efficient Solution of a General Class of Recurrence Equations},
year={1973},
volume={C-22},
number={8},
pages={786-793},
keywords={Program processors;Equations;Computers;Mathematical model;Parallel algorithms;Data mining;Polynomials;Parallel algorithms;parallel computation;recurrence problems;recursive doubling},
doi={10.1109/TC.1973.5009159},
ISSN={0018-9340},
month={Aug},}

@inbook{hinze,
author={Ralf Hinze},
title={Mathematics of Program Construction},
chapter={An Algebra of Scans},
year={2004},
pages={186-210},
doi={10.1109/TC.1973.5009159},
ISSN={0018-9340},
}

@ARTICLE{brent-kung,
author={Brent and Kung},
journal={IEEE Transactions on Computers},
title={A Regular Layout for Parallel Adders},
year={1982},
volume={C-31},
number={3},
pages={260-264},
keywords={Addition;area-time complexity;carry lookahead;circuit design;combinational logic;models of computation;parallel addition;parallel polynomial evaluation;prefix computation;VLSI;Addition;area-time complexity;carry lookahead;circuit design;combinational logic;models of computation;parallel addition;parallel polynomial evaluation;prefix computation;VLSI},
doi={10.1109/TC.1982.1675982},
ISSN={0018-9340},
month={March},}

@ARTICLE{han,
author = {S. Ha and T. Han},
journal = {IEEE Transactions on Parallel & Distributed Systems},
title = {A Scalable Work-Efficient and Depth-Optimal Parallel Scan for the GPGPU Environment},
year = {2013},
volume = {24},
number = {12},
pages = {2324-2333},
keywords={Graphics processing units;Instruction sets;Complexity theory;Algorithm design and analysis},
doi = {10.1109/TPDS.2012.336},
url = {doi.ieeecomputersociety.org/10.1109/TPDS.2012.336},
ISSN = {1045-9219},
month={Dec.}
}

@inproceedings{chainInproc,
 author = {Yan, Shengen and Long, Guoping and Zhang, Yunquan},
 title = {StreamScan: Fast Scan Algorithms for GPUs Without Global Barrier Synchronization},
 booktitle = {Proceedings of the 18th ACM SIGPLAN Symposium on Principles and Practice of Parallel Programming},
 series = {PPoPP '13},
 year = {2013},
 isbn = {978-1-4503-1922-5},
 location = {Shenzhen, China},
 pages = {229--238},
 numpages = {10},
 url = {http://doi.acm.org/10.1145/2442516.2442539},
 doi = {10.1145/2442516.2442539},
 acmid = {2442539},
 publisher = {ACM},
 address = {New York, NY, USA},
 keywords = {cuda, gpu, opencl, parallel algorithms, prefix-sum, scan},
}

@article{chainArticle,
 author = {Yan, Shengen and Long, Guoping and Zhang, Yunquan},
 title = {StreamScan: Fast Scan Algorithms for GPUs Without Global Barrier Synchronization},
 journal = {SIGPLAN Not.},
 issue_date = {August 2013},
 volume = {48},
 number = {8},
 month = feb,
 year = {2013},
 issn = {0362-1340},
 pages = {229--238},
 numpages = {10},
 url = {http://doi.acm.org/10.1145/2517327.2442539},
 doi = {10.1145/2517327.2442539},
 acmid = {2442539},
 publisher = {ACM},
 address = {New York, NY, USA},
 keywords = {cuda, gpu, opencl, parallel algorithms, prefix-sum, scan},
}

@article{hillis-steele,
 author = {Hillis, W. Daniel and Steele,Jr., Guy L.},
 title = {Data Parallel Algorithms},
 journal = {Commun. ACM},
 issue_date = {Dec. 1986},
 volume = {29},
 number = {12},
 month = dec,
 year = {1986},
 issn = {0001-0782},
 pages = {1170--1183},
 numpages = {14},
 url = {http://doi.acm.org/10.1145/7902.7903},
 doi = {10.1145/7902.7903},
 acmid = {7903},
 publisher = {ACM},
 address = {New York, NY, USA},
} 

@ARTICLE{blelloch,
    author = {Guy Blelloch},
    title = {Scans as Primitive Parallel Operations},
    journal = {IEEE Transactions on Computers},
    year = {1987},
    volume = {38},
    pages = {1526--1538}
}

@MISC{kogge-stone-img,
    author = {{Wikipedia, the free encyclopedia}},
    title = {Prefix sum},
    year = {2018},
    note = {[Online; accessed October 29, 2018]},
    url = {https://en.wikipedia.org/wiki/File:Hillis-Steele_Prefix_Sum.svg}
}

@MISC{brent-kung-img,
    author = {{Wikipedia, the free encyclopedia}},
    title = {Prefix sum},
    year = {2018},
    note = {[Online; accessed October 29, 2018]},
    url = {https://en.wikipedia.org/wiki/File:Prefix_sum_16.svg}
}

@MISC{memo,
    author = {{CUDA Toolkit Documentation}},
    title = {Memory Hierarchy, section 2.3 figure 7},
    year = {2018},
    note = {[Online; accessed November 2, 2018]},
    url = {https://docs.nvidia.com/cuda/cuda-c-programming-guide/graphics/memory-hierarchy.png}
}

@MISC{relay-race,
    author = {{Wikipedia, the free encyclopedia}},
    title = {Relay race},
    year = {2018},
    note = {[Online; accessed November 2, 2018]},
    url = {https://en.wikipedia.org/wiki/Relay_race}
}

@online{CUB-git,
  author = {Duane Merrill},
  title = {CUB. 1.0.1. A library of warp-wide, block-wide, and device-wide GPU parallel primitives.},
  year = 2013,
  url = {http://nvlabs.github.io/cub/},
  note = {[Accessed November 2, 2018]},
  urldate = {2018-11-2}
  
}

@InProceedings{forward-progress,
  author =	{Alastair F. Donaldson and Jeroen Ketema and Tyler Sorensen and John Wickerson},
  title =	{Forward Progress on GPU Concurrency},
  booktitle =	{28th International Conference on Concurrency Theory (CONCUR 2017)},
  pages =	{1:1--1:13},
  series =	{Leibniz International Proceedings in Informatics (LIPIcs)},
  ISBN =	{978-3-95977-048-4},
  ISSN =	{1868-8969},
  year =	{2017},
  volume =	{85},
  editor =	{Roland Meyer and Uwe Nestmann},
  publisher =	{Schloss Dagstuhl--Leibniz-Zentrum fuer Informatik},
  address =	{Dagstuhl, Germany},
  URL =		{http://drops.dagstuhl.de/opus/volltexte/2017/7805},
  URN =		{urn:nbn:de:0030-drops-78055},
  doi =		{10.4230/LIPIcs.CONCUR.2017.1},
  annote =	{Keywords: GPUs, concurrency, formal verification, memory models, data races}
}